@article{Bowker1985,
  doi = {10.2307/2617706},
  url = {https://doi.org/10.2307/2617706},
  year = {1985},
  publisher = {Oxford University Press ({OUP})},
  volume = {61},
  number = {4},
  pages = {607--618},
  author = {Mike Bowker and Phil Williams},
  title = {Helsinki and West European Security},
  journal = {International Affairs}
}

@misc{mainPasaje,
  author = {La Santa Biblia},
  title = {Números 15:37-41},
  year = {1960},
  note = {Reina-Valera 1960, Sociedad Bíblica de España}
}
