@misc{BibliaNVI,
  author = {La Santa Biblia},
  title = {Juan 10:11-18},
  year = {1960},
  note = {Nueva Versión Internacional},
}

@misc{BibliaRV,
  author = {La Santa Biblia},
  title = {Juan 10:11-18},
  year = {1960},
  note = {Reina-Valera 1960},
}

@misc{BibliaRVC,
  author = {La Santa Biblia},
  title = {Juan 10:11-18},
  year = {1960},
  note = {Reina-Valera Contemporánea},
}

@misc{BibliaTLA,
  author = {La Santa Biblia},
  title = {Juan 10:11-18},
  year = {1960},
  note = {Traducción en Lenguaje Actual},
}
